<record><leader>00000cas a2200000 i 4500</leader><controlfield tag="001">9849006</controlfield><controlfield tag="008">830826d18261938nyucr ne      0   a0eng c</controlfield><datafield ind1=" " ind2=" " tag="010"><subfield code="a">sn 83031315 </subfield></datafield><datafield ind1=" " ind2=" " tag="040"><subfield code="a">NPU</subfield><subfield code="b">eng</subfield><subfield code="e">rda</subfield><subfield code="c">NPU</subfield><subfield code="d">NPX</subfield><subfield code="d">UNP</subfield><subfield code="d">NYS</subfield><subfield code="d">CNK</subfield><subfield code="d">NYS</subfield><subfield code="d">OCL</subfield><subfield code="d">OCLCF</subfield><subfield code="d">OCLCO</subfield><subfield code="d">IUL</subfield><subfield code="d">DLC</subfield></datafield><datafield ind1="0" ind2=" " tag="022"><subfield code="a">2575-9043</subfield><subfield code="2">1</subfield></datafield><datafield ind1=" " ind2=" " tag="042"><subfield code="a">pcc</subfield><subfield code="a">nsdp</subfield></datafield><datafield ind1=" " ind2=" " tag="043"><subfield code="a">n-us-ny</subfield></datafield><datafield ind1="1" ind2="0" tag="050"><subfield code="a">ISSN RECORD</subfield></datafield><datafield ind1=" " ind2="0" tag="222"><subfield code="a">Jamestown journal.</subfield></datafield><datafield ind1="0" ind2="0" tag="245"><subfield code="a">Jamestown journal.</subfield></datafield><datafield ind1=" " ind2="1" tag="264"><subfield code="a">Jamestown, Chautauqua Co., N.Y. :</subfield><subfield code="b">A. Fletcher</subfield></datafield><datafield ind1=" " ind2=" " tag="300"><subfield code="a">volumes :</subfield><subfield code="b">illustrations ;</subfield><subfield code="c">58 cm</subfield></datafield><datafield ind1=" " ind2=" " tag="310"><subfield code="a">Semiweekly,</subfield><subfield code="b">1892-1938</subfield></datafield><datafield ind1=" " ind2=" " tag="321"><subfield code="a">Weekly,</subfield><subfield code="b">1826-1892</subfield></datafield><datafield ind1=" " ind2=" " tag="336"><subfield code="a">text</subfield><subfield code="b">txt</subfield><subfield code="2">rdacontent</subfield></datafield><datafield ind1=" " ind2=" " tag="337"><subfield code="a">unmediated</subfield><subfield code="b">n</subfield><subfield code="2">rdamedia</subfield></datafield><datafield ind1=" " ind2=" " tag="338"><subfield code="a">volume</subfield><subfield code="b">nc</subfield><subfield code="2">rdacarrier</subfield></datafield><datafield ind1="0" ind2=" " tag="362"><subfield code="a">Vol. I, no. 1 (June 21, 1826)-</subfield></datafield><datafield ind1="1" ind2=" " tag="362"><subfield code="a">Ceased in 1938.</subfield><subfield code="z">Cf. NIM.</subfield></datafield><datafield ind1=" " ind2=" " tag="500"><subfield code="a">Publishers: A. Fletcher, &lt;1827-1838&gt;; A. &amp; J.W. Fletcher, &lt;1841&gt;; John Warren Fletcher, &lt;1844&gt;; F.W. Palmer &amp; Co., &lt;1849&gt;; F.W. Palmer &amp; E.P. Upham. &lt;1852&gt;; F.W. Palmer, &lt;1857&gt;; Clark &amp; Waite, &lt;1873&gt;; John A. Hall, &lt;1876&gt;.</subfield></datafield><datafield ind1=" " ind2=" " tag="500"><subfield code="a">Editor: John A. Hall, &lt;1876&gt;.</subfield></datafield><datafield ind1=" " ind2=" " tag="500"><subfield code="a">Special Woman's ed. published: July 4, 1895.</subfield></datafield><datafield ind1=" " ind2=" " tag="500"><subfield code="a">"Whig," &lt;1852&gt;; "Republican, " &lt;1876&gt;.</subfield></datafield><datafield ind1=" " ind2=" " tag="500"><subfield code="a">Title from masthead.</subfield></datafield><datafield ind1=" " ind2=" " tag="580"><subfield code="a">Daily eds.: Jamestown daily journal, 1870-1881; Jamestown evening journal (Jamestown, N.Y. : 1881), 1881-1991; Evening journal (Jamestown, N.Y.), 1892-1904; Jamestown evening journal (Jamestown, N.Y. : 1905), 1905-1938.</subfield></datafield><datafield ind1=" " ind2="0" tag="651"><subfield code="a">Jamestown (N.Y.)</subfield><subfield code="v">Newspapers.</subfield></datafield><datafield ind1=" " ind2="0" tag="651"><subfield code="a">Chautauqua County (N.Y.)</subfield><subfield code="v">Newspapers.</subfield></datafield><datafield ind1=" " ind2="7" tag="651"><subfield code="a">New York (State)</subfield><subfield code="z">Chautauqua County.</subfield><subfield code="2">fast</subfield><subfield code="0">(OCoLC)fst01213677</subfield></datafield><datafield ind1=" " ind2="7" tag="651"><subfield code="a">New York (State)</subfield><subfield code="z">Jamestown.</subfield><subfield code="2">fast</subfield><subfield code="0">(OCoLC)fst01208958</subfield></datafield><datafield ind1=" " ind2="7" tag="655"><subfield code="a">Newspapers.</subfield><subfield code="2">fast</subfield><subfield code="0">(OCoLC)fst01423814</subfield></datafield><datafield ind1=" " ind2=" " tag="752"><subfield code="a">United States</subfield><subfield code="b">New York</subfield><subfield code="c">Chautauqua</subfield><subfield code="d">Jamestown.</subfield></datafield><datafield ind1="1" ind2=" " tag="775"><subfield code="t">Jamestown daily journal</subfield><subfield code="w">(DLC)sn 83031314</subfield><subfield code="w">(OCoLC)9848997</subfield></datafield><datafield ind1="1" ind2=" " tag="775"><subfield code="t">Jamestown evening journal (Jamestown, N.Y. : 1881)</subfield><subfield code="w">(DLC)sn 84031578</subfield><subfield code="w">(OCoLC)11192049</subfield></datafield><datafield ind1="1" ind2=" " tag="775"><subfield code="t">Evening journal (Jamestown, N.Y.)</subfield><subfield code="w">(DLC)sn 84031812</subfield><subfield code="w">(OCoLC)11225945</subfield></datafield><datafield ind1="1" ind2=" " tag="775"><subfield code="t">Jamestown evening journal (Jamestown, N.Y. : 1905)</subfield><subfield code="w">(DLC)sn 92061414</subfield><subfield code="w">(OCoLC)25103772</subfield></datafield><datafield ind1="1" ind2=" " tag="775"><subfield code="t">Jamestown journal-three times a week</subfield><subfield code="w">(DLC)sn 93063983</subfield><subfield code="w">(OCoLC)29401131</subfield></datafield><datafield ind1="4" ind2="1" tag="856"><subfield code="u">http://infoweb.newsbank.com/iw-search/we/HistArchive?p_theme=ahnp&amp;p_product=EANX&amp;p_nbid=V58R54UKMTUwNTMyMDY4Ny41NjczMDoxOjEzOjEyOS43OS4zOC4xMDE&amp;p_action=keyword&amp;f_pubBrowse=11AE806ED4243DE8</subfield></datafield><datafield ind1="4" ind2="1" tag="856"><subfield code="u">https://news.google.com/newspapers?nid=OqSZBmoviqwC&amp;hl=en</subfield></datafield></record>